<record><leader>00000cas a22000007a 4500</leader><controlfield tag="001">13384903</controlfield><controlfield tag="008">860403d18611861utudx ne      0    0eng d</controlfield><datafield ind1=" " ind2=" " tag="010"><subfield code="a">sn 86091296 </subfield></datafield><datafield ind1=" " ind2=" " tag="040"><subfield code="a">UNP</subfield><subfield code="b">eng</subfield><subfield code="c">UNP</subfield><subfield code="d">KRTAS</subfield><subfield code="d">OCLCQ</subfield></datafield><datafield ind1=" " ind2=" " tag="042"><subfield code="a">msc</subfield></datafield><datafield ind1=" " ind2="4" tag="050"><subfield code="a">AN2.U8</subfield><subfield code="b">P66</subfield></datafield><datafield ind1="0" ind2="4" tag="245"><subfield code="a">The Pony dispatches.</subfield></datafield><datafield ind1="1" ind2="3" tag="246"><subfield code="a">Pony dispatch</subfield><subfield code="f">Oct. 3, 1861</subfield></datafield><datafield ind1="1" ind2="3" tag="246"><subfield code="a">Eastern dispatches</subfield><subfield code="f">Oct. 18-Oct. 23, 1861</subfield></datafield><datafield ind1="1" ind2="3" tag="246"><subfield code="a">Latest by telegraph</subfield></datafield><datafield ind1=" " ind2=" " tag="260"><subfield code="a">Great Salt Lake City [Utah :</subfield><subfield code="b">Deseret News],</subfield><subfield code="c">1861.</subfield></datafield><datafield ind1=" " ind2=" " tag="300"><subfield code="a">14 v. ;</subfield><subfield code="c">7-41 cm.</subfield></datafield><datafield ind1=" " ind2=" " tag="310"><subfield code="a">Daily (irregular)</subfield></datafield><datafield ind1="0" ind2=" " tag="362"><subfield code="a">[No. 1] Oct. 3, 1861-no. 14 ([Oct. 24, 1861]).</subfield></datafield><datafield ind1=" " ind2=" " tag="500"><subfield code="a">Sometimes published as: Pony dispatch, Oct. 3, 1861; Eastern dispatches, Oct. 18-Oct. 23, 1861.</subfield></datafield><datafield ind1=" " ind2=" " tag="500"><subfield code="a">Began as a broadside, expanded to two pages with Oct. 3, 1861.</subfield></datafield><datafield ind1=" " ind2=" " tag="515"><subfield code="a">Numbering begins with no. 3 (Oct. 10, 1861).</subfield></datafield><datafield ind1=" " ind2=" " tag="515"><subfield code="a">No. 14 is undated and untitled, caption date and title: Washington, 21st; Latest by telegraph.</subfield></datafield><datafield ind1=" " ind2=" " tag="580"><subfield code="a">Published as a supplement to the Deseret News (Salt Lake City, Utah: 1850) due to the news of the Civil War.</subfield></datafield><datafield ind1=" " ind2=" " tag="752"><subfield code="a">United States</subfield><subfield code="b">Utah</subfield><subfield code="c">Salt Lake</subfield><subfield code="d">Salt Lake City.</subfield></datafield><datafield ind1="1" ind2=" " tag="775"><subfield code="t">Deseret news (Salt Lake City, Utah : 1850)</subfield><subfield code="w">(DLC)sn 83045554</subfield><subfield code="w">(OCoLC)7004918</subfield></datafield><datafield ind1="0" ind2="0" tag="785"><subfield code="t">Telegraphic</subfield><subfield code="w">(DLC)sn 86091297</subfield><subfield code="w">(OCoLC)13384940</subfield></datafield><datafield ind1=" " ind2=" " tag="938"><subfield code="a">Kirtas Technologies, Inc.</subfield><subfield code="b">KRTS</subfield><subfield code="n">739576</subfield></datafield></record>